@book{Surowiecki:2005:WC:1095645,
 author = {Surowiecki, James},
 title = {The Wisdom of Crowds},
 year = {2005},
 isbn = {0385721706},
 publisher = {Anchor},
} 

@article{kuncheva2003measures,
  title={Measures of diversity in classifier ensembles and their relationship with the ensemble accuracy},
  author={Kuncheva, Ludmila I and Whitaker, Christopher J},
  journal={Machine learning},
  volume={51},
  number={2},
  pages={181--207},
  year={2003},
  publisher={Springer}
}

