@book{surowiecki2005wisdom,
  title={The wisdom of crowds},
  author={Surowiecki, James},
  year={2005},
  publisher={Anchor}
}

@article{guyon2003introduction,
  title={An introduction to variable and feature selection},
  author={Guyon, Isabelle and Elisseeff, Andr{\'e}},
  journal={Journal of machine learning research},
  volume={3},
  number={Mar},
  pages={1157--1182},
  year={2003}
}

@article{athey2015machine,
  title={Machine learning methods for estimating heterogeneous causal effects},
  author={Athey, Susan and Imbens, Guido W},
  journal={stat},
  volume={1050},
  number={5},
  year={2015}
}



@book{Surowiecki:2005:WC:1095645,
 author = {Surowiecki, James},
 title = {The Wisdom of Crowds},
 year = {2005},
 isbn = {0385721706},
 publisher = {Anchor},
} 

@article{kuncheva2003measures,
  title={Measures of diversity in classifier ensembles and their relationship with the ensemble accuracy},
  author={Kuncheva, Ludmila I and Whitaker, Christopher J},
  journal={Machine learning},
  volume={51},
  number={2},
  pages={181--207},
  year={2003},
  publisher={Springer}
}

@article{breiman1996bagging,
  title={Bagging predictors},
  author={Breiman, Leo},
  journal={Machine learning},
  volume={24},
  number={2},
  pages={123--140},
  year={1996},
  publisher={Springer}
}

@article{ho1998random,
  title={The random subspace method for constructing decision forests},
  author={Ho, Tin Kam},
  journal={IEEE transactions on pattern analysis and machine intelligence},
  volume={20},
  number={8},
  pages={832--844},
  year={1998},
  publisher={IEEE}
}

@article{breiman2001random,
  title={Random forests},
  author={Breiman, Leo},
  journal={Machine learning},
  volume={45},
  number={1},
  pages={5--32},
  year={2001},
  publisher={Springer}
}



@article{friedman2002stochastic,
  title={Stochastic gradient boosting},
  author={Friedman, Jerome H},
  journal={Computational Statistics \& Data Analysis},
  volume={38},
  number={4},
  pages={367--378},
  year={2002},
  publisher={Elsevier}
}

@inproceedings{freund1996experiments,
  title={Experiments with a new boosting algorithm},
  author={Freund, Yoav and Schapire, Robert E},
  booktitle={Icml},
  volume={96},
  pages={148--156},
  year={1996},
  organization={Bari, Italy}
}

@article{friedman2001greedy,
  title={Greedy function approximation: a gradient boosting machine},
  author={Friedman, Jerome H},
  journal={Annals of statistics},
  pages={1189--1232},
  year={2001},
  publisher={JSTOR}
}

@article{wolpert1992stacked,
  title={Stacked generalization},
  author={Wolpert, David H},
  journal={Neural networks},
  volume={5},
  number={2},
  pages={241--259},
  year={1992},
  publisher={Elsevier}
}

@article{brown2005diversity,
  title={Diversity creation methods: a survey and categorisation},
  author={Brown, Gavin and Wyatt, Jeremy and Harris, Rachel and Yao, Xin},
  journal={Information Fusion},
  volume={6},
  number={1},
  pages={5--20},
  year={2005},
  publisher={Elsevier}
}

@article{freund1997decision,
  title={A decision-theoretic generalization of on-line learning and an application to boosting},
  author={Freund, Yoav and Schapire, Robert E},
  journal={Journal of computer and system sciences},
  volume={55},
  number={1},
  pages={119--139},
  year={1997},
  publisher={Elsevier}
}

@misc{online2017stacking,
    author = {G{\"u}ne{\c{s}}, Funda},
    title = "{Why do stacked ensemble methods win data science competitions?}",
    year = "2017",
    howpublished = "URL: \url{https://blogs.sas.com/content/subconsciousmusings/2017/05/18/stacked-ensemble-models-win-data-science-competitions}",
    note = "(Accessed: 03.07.2018)"
  }

@misc{SASpaper,
    author = {G{\"u}ne{\c{s}}, Funda and Wolfinger, Russ and Tan, Pei-Yi},
    title = "{Stacked Ensemble Models for Improved Prediction Accuracy (\textit{SAS paper})}",
    year = "2017"
  }

@article{hanley1982meaning,
  title={The meaning and use of the area under a receiver operating characteristic (ROC) curve.},
  author={Hanley, James A and McNeil, Barbara J},
  journal={Radiology},
  volume={143},
  number={1},
  pages={29--36},
  year={1982}
}

@article{jacobson2006internal,
  title={Internal ratings systems, implied credit risk and the consistency of banks' risk classification policies},
  author={Jacobson, Tor and Lind{\'e}, Jesper and Roszbach, Kasper},
  journal={Journal of Banking \& Finance},
  volume={30},
  number={7},
  pages={1899--1926},
  year={2006},
  publisher={Elsevier}
}

@article{yu2008credit,
  title={Credit risk assessment with a multistage neural network ensemble learning approach},
  author={Yu, Lean and Wang, Shouyang and Lai, Kin Keung},
  journal={Expert systems with applications},
  volume={34},
  number={2},
  pages={1434--1444},
  year={2008},
  publisher={Elsevier}
}

@article{zhu2017comparison,
  title={Comparison of individual, ensemble and integrated ensemble machine learning methods to predict china's SME credit risk in supply chain finance},
  author={Zhu, You and Xie, Chi and Wang, GangJin and Yan, XinGuo},
  journal={Neural Computing and Applications},
  volume={28},
  number={1},
  pages={41--50},
  year={2017},
  publisher={Springer}
}


@misc{dataset,
 author = "Dheeru, Dua and Karra Taniskidou, Efi",
 year = "2017",
 title = "{UCI} Machine Learning Repository",
 howpublished = "URL: \url{http://archive.ics.uci.edu/ml}",
 note = "(Accessed: 03.07.2018)"
}

@misc{basel2,
    author = "{Basel Committee on Banking Supervision}",
    title = "{International Convergence of Capital Measurement and Capital Standards}",
    year = "2004",
    howpublished = "URL: \url{https://www.bis.org/publ/bcbs107.pdf}",
    note = "(Accessed: 03.07.2018)"
  }

@misc{kaggle,
 author = "{Kaggle}",
 howpublished = "URL: \url{https://www.kaggle.com/}",
 note = "(Accessed: 05.07.2018)"
}

@incollection{athey2017impact,
  title={The Impact of Machine Learning on Economics},
  author={Athey, Susan},
  booktitle={Economics of Artificial Intelligence},
  year={2017},
  publisher={University of Chicago Press}
}

@article{wager2017estimation,
  title={Estimation and inference of heterogeneous treatment effects using random forests},
  author={Wager, Stefan and Athey, Susan},
  journal={Journal of the American Statistical Association},
  number={"just-accepted"},
  year={2017},
  publisher={Taylor \& Francis}
}

@article{athey2015machine,
  title={Machine learning methods for estimating heterogeneous causal effects},
  author={Athey, Susan and Imbens, Guido W},
  journal={stat},
  volume={1050},
  number={5},
  year={2015}
}








@article{wager2018est,

	author = {Stefan Wager and Susan Athey},

	title = {Estimation and Inference of Heterogeneous Treatment Effects using Random Forests},

	journal = {Journal of the American Statistical Association},
	year = "{in press}",
	
publisher = {Taylor & Francis},
	
doi = {10.1080/01621459.2017.1319839}

@incollection{li2014communication,
  title={Communication efficient distributed machine learning with the parameter server},
  author={Li, Mu and Andersen, David G and Smola, Alexander J and Yu, Kai},
  booktitle={Advances in Neural Information Processing Systems},
  pages={19--27},
  year={2014},
  publisher={NIPS}
}


@incollection{bottou2012stochastic,
  title={Stochastic gradient descent tricks},
  author={Bottou, L{\'e}on},
  booktitle={Neural networks: Tricks of the trade},
  pages={421--436},
  year={2012},
  publisher={Springer}
}

@inproceedings{van2009adaptive,
  title={Adaptive ensemble models of extreme learning machines for time series prediction},
  author={Van Heeswijk, Mark and Miche, Yoan and Lindh-Knuutila, Tiina and Hilbers, Peter AJ and Honkela, Timo and Oja, Erkki and Lendasse, Amaury},
  booktitle={International Conference on Artificial Neural Networks},
  pages={305--314},
  year={2009},
  organization={Springer}
}


@article{soares2016adaptive,
  title={An adaptive ensemble of on-line extreme learning machines with variable forgetting factor for dynamic system prediction},
  author={Soares, Symone G and Ara{\'u}jo, Rui},
  journal={Neurocomputing},
  volume={171},
  pages={693--707},
  year={2016},
  publisher={Elsevier}
}


